%YAML 1.1
%TAG !u! tag:unity3d.com,2011:
--- !u!29 &1
OcclusionCullingSettings:
  m_ObjectHideFlags: 0
  serializedVersion: 2
  m_OcclusionBakeSettings:
    smallestOccluder: 5
    smallestHole: 0.25
    backfaceThreshold: 100
  m_SceneGUID: 00000000000000000000000000000000
  m_OcclusionCullingData: {fileID: 0}
--- !u!104 &2
RenderSettings:
  m_ObjectHideFlags: 0
  serializedVersion: 9
  m_Fog: 0
  m_FogColor: {r: 0.5, g: 0.5, b: 0.5, a: 1}
  m_FogMode: 3
  m_FogDensity: 0.01
  m_LinearFogStart: 0
  m_LinearFogEnd: 300
  m_AmbientSkyColor: {r: 0.212, g: 0.227, b: 0.259, a: 1}
  m_AmbientEquatorColor: {r: 0.114, g: 0.125, b: 0.133, a: 1}
  m_AmbientGroundColor: {r: 0.047, g: 0.043, b: 0.035, a: 1}
  m_AmbientIntensity: 1
  m_AmbientMode: 0
  m_SubtractiveShadowColor: {r: 0.42, g: 0.478, b: 0.627, a: 1}
  m_SkyboxMaterial: {fileID: 10304, guid: 0000000000000000f000000000000000, type: 0}
  m_HaloStrength: 0.5
  m_FlareStrength: 1
  m_FlareFadeSpeed: 3
  m_HaloTexture: {fileID: 0}
  m_SpotCookie: {fileID: 10001, guid: 0000000000000000e000000000000000, type: 0}
  m_DefaultReflectionMode: 0
  m_DefaultReflectionResolution: 128
  m_ReflectionBounces: 1
  m_ReflectionIntensity: 1
  m_CustomReflection: {fileID: 0}
  m_Sun: {fileID: 0}
  m_IndirectSpecularColor: {r: 0.12731749, g: 0.13414757, b: 0.1210787, a: 1}
  m_UseRadianceAmbientProbe: 0
--- !u!157 &3
LightmapSettings:
  m_ObjectHideFlags: 0
  serializedVersion: 11
  m_GIWorkflowMode: 1
  m_GISettings:
    serializedVersion: 2
    m_BounceScale: 1
    m_IndirectOutputScale: 1
    m_AlbedoBoost: 1
    m_EnvironmentLightingMode: 0
    m_EnableBakedLightmaps: 1
    m_EnableRealtimeLightmaps: 1
  m_LightmapEditorSettings:
    serializedVersion: 12
    m_Resolution: 40
    m_BakeResolution: 80
    m_AtlasSize: 2048
    m_AO: 1
    m_AOMaxDistance: 0.75
    m_CompAOExponent: 2
    m_CompAOExponentDirect: 0.1
    m_ExtractAmbientOcclusion: 0
    m_Padding: 2
    m_LightmapParameters: {fileID: 0}
    m_LightmapsBakeMode: 1
    m_TextureCompression: 1
    m_FinalGather: 0
    m_FinalGatherFiltering: 1
    m_FinalGatherRayCount: 256
    m_ReflectionCompression: 2
    m_MixedBakeMode: 2
    m_BakeBackend: 1
    m_PVRSampling: 1
    m_PVRDirectSampleCount: 64
    m_PVRSampleCount: 32
    m_PVRBounces: 2
    m_PVREnvironmentSampleCount: 256
    m_PVREnvironmentReferencePointCount: 2048
    m_PVRFilteringMode: 2
    m_PVRDenoiserTypeDirect: 1
    m_PVRDenoiserTypeIndirect: 1
    m_PVRDenoiserTypeAO: 1
    m_PVRFilterTypeDirect: 0
    m_PVRFilterTypeIndirect: 0
    m_PVRFilterTypeAO: 0
    m_PVREnvironmentMIS: 1
    m_PVRCulling: 1
    m_PVRFilteringGaussRadiusDirect: 1
    m_PVRFilteringGaussRadiusIndirect: 5
    m_PVRFilteringGaussRadiusAO: 2
    m_PVRFilteringAtrousPositionSigmaDirect: 0.5
    m_PVRFilteringAtrousPositionSigmaIndirect: 2
    m_PVRFilteringAtrousPositionSigmaAO: 1
    m_ExportTrainingData: 0
    m_TrainingDataDestination: TrainingData
  m_LightingDataAsset: {fileID: 112000000, guid: 5e2fdeb6aeb9c164a80cfa6a172873ae,
    type: 2}
  m_UseShadowmask: 1
--- !u!196 &4
NavMeshSettings:
  serializedVersion: 2
  m_ObjectHideFlags: 0
  m_BuildSettings:
    serializedVersion: 2
    agentTypeID: 0
    agentRadius: 0.5
    agentHeight: 2
    agentSlope: 45
    agentClimb: 0.4
    ledgeDropHeight: 0
    maxJumpAcrossDistance: 0
    minRegionArea: 2
    manualCellSize: 0
    cellSize: 0.16666667
    manualTileSize: 0
    tileSize: 256
    accuratePlacement: 0
    debug:
      m_Flags: 0
  m_NavMeshData: {fileID: 0}
--- !u!1001 &1334561
PrefabInstance:
  m_ObjectHideFlags: 0
  serializedVersion: 2
  m_Modification:
    m_TransformParent: {fileID: 0}
    m_Modifications:
    - target: {fileID: 7953869766524050914, guid: f84bc044cee94a746b4d4dfe03e51f31,
        type: 3}
      propertyPath: m_Name
      value: wall_module_01 (1)
      objectReference: {fileID: 0}
    - target: {fileID: 7953869766524050915, guid: f84bc044cee94a746b4d4dfe03e51f31,
        type: 3}
      propertyPath: m_LocalPosition.x
      value: -1
      objectReference: {fileID: 0}
    - target: {fileID: 7953869766524050915, guid: f84bc044cee94a746b4d4dfe03e51f31,
        type: 3}
      propertyPath: m_LocalPosition.y
      value: 0
      objectReference: {fileID: 0}
    - target: {fileID: 7953869766524050915, guid: f84bc044cee94a746b4d4dfe03e51f31,
        type: 3}
      propertyPath: m_LocalPosition.z
      value: 0
      objectReference: {fileID: 0}
    - target: {fileID: 7953869766524050915, guid: f84bc044cee94a746b4d4dfe03e51f31,
        type: 3}
      propertyPath: m_LocalRotation.x
      value: -0
      objectReference: {fileID: 0}
    - target: {fileID: 7953869766524050915, guid: f84bc044cee94a746b4d4dfe03e51f31,
        type: 3}
      propertyPath: m_LocalRotation.y
      value: 1
      objectReference: {fileID: 0}
    - target: {fileID: 7953869766524050915, guid: f84bc044cee94a746b4d4dfe03e51f31,
        type: 3}
      propertyPath: m_LocalRotation.z
      value: -0
      objectReference: {fileID: 0}
    - target: {fileID: 7953869766524050915, guid: f84bc044cee94a746b4d4dfe03e51f31,
        type: 3}
      propertyPath: m_LocalRotation.w
      value: 0.000015318392
      objectReference: {fileID: 0}
    - target: {fileID: 7953869766524050915, guid: f84bc044cee94a746b4d4dfe03e51f31,
        type: 3}
      propertyPath: m_RootOrder
      value: 14
      objectReference: {fileID: 0}
    - target: {fileID: 7953869766524050915, guid: f84bc044cee94a746b4d4dfe03e51f31,
        type: 3}
      propertyPath: m_LocalEulerAnglesHint.x
      value: 0
      objectReference: {fileID: 0}
    - target: {fileID: 7953869766524050915, guid: f84bc044cee94a746b4d4dfe03e51f31,
        type: 3}
      propertyPath: m_LocalEulerAnglesHint.y
      value: 179.998
      objectReference: {fileID: 0}
    - target: {fileID: 7953869766524050915, guid: f84bc044cee94a746b4d4dfe03e51f31,
        type: 3}
      propertyPath: m_LocalEulerAnglesHint.z
      value: 0
      objectReference: {fileID: 0}
    m_RemovedComponents: []
  m_SourcePrefab: {fileID: 100100000, guid: f84bc044cee94a746b4d4dfe03e51f31, type: 3}
--- !u!1001 &77159616
PrefabInstance:
  m_ObjectHideFlags: 0
  serializedVersion: 2
  m_Modification:
    m_TransformParent: {fileID: 0}
    m_Modifications:
    - target: {fileID: 3425035300755643163, guid: 8884dc8048fa08d4ca072b16ee1b806a,
        type: 3}
      propertyPath: m_Name
      value: torch_01
      objectReference: {fileID: 0}
    - target: {fileID: 3425035300755643163, guid: 8884dc8048fa08d4ca072b16ee1b806a,
        type: 3}
      propertyPath: m_IsActive
      value: 1
      objectReference: {fileID: 0}
    - target: {fileID: 3425035300755643162, guid: 8884dc8048fa08d4ca072b16ee1b806a,
        type: 3}
      propertyPath: m_LocalPosition.x
      value: 0
      objectReference: {fileID: 0}
    - target: {fileID: 3425035300755643162, guid: 8884dc8048fa08d4ca072b16ee1b806a,
        type: 3}
      propertyPath: m_LocalPosition.y
      value: 0
      objectReference: {fileID: 0}
    - target: {fileID: 3425035300755643162, guid: 8884dc8048fa08d4ca072b16ee1b806a,
        type: 3}
      propertyPath: m_LocalPosition.z
      value: 0
      objectReference: {fileID: 0}
    - target: {fileID: 3425035300755643162, guid: 8884dc8048fa08d4ca072b16ee1b806a,
        type: 3}
      propertyPath: m_LocalRotation.x
      value: -0
      objectReference: {fileID: 0}
    - target: {fileID: 3425035300755643162, guid: 8884dc8048fa08d4ca072b16ee1b806a,
        type: 3}
      propertyPath: m_LocalRotation.y
      value: 1
      objectReference: {fileID: 0}
    - target: {fileID: 3425035300755643162, guid: 8884dc8048fa08d4ca072b16ee1b806a,
        type: 3}
      propertyPath: m_LocalRotation.z
      value: -0
      objectReference: {fileID: 0}
    - target: {fileID: 3425035300755643162, guid: 8884dc8048fa08d4ca072b16ee1b806a,
        type: 3}
      propertyPath: m_LocalRotation.w
      value: 0.000015318392
      objectReference: {fileID: 0}
    - target: {fileID: 3425035300755643162, guid: 8884dc8048fa08d4ca072b16ee1b806a,
        type: 3}
      propertyPath: m_RootOrder
      value: 7
      objectReference: {fileID: 0}
    - target: {fileID: 3425035300755643162, guid: 8884dc8048fa08d4ca072b16ee1b806a,
        type: 3}
      propertyPath: m_LocalEulerAnglesHint.x
      value: 0
      objectReference: {fileID: 0}
    - target: {fileID: 3425035300755643162, guid: 8884dc8048fa08d4ca072b16ee1b806a,
        type: 3}
      propertyPath: m_LocalEulerAnglesHint.y
      value: 179.998
      objectReference: {fileID: 0}
    - target: {fileID: 3425035300755643162, guid: 8884dc8048fa08d4ca072b16ee1b806a,
        type: 3}
      propertyPath: m_LocalEulerAnglesHint.z
      value: 0
      objectReference: {fileID: 0}
    m_RemovedComponents: []
  m_SourcePrefab: {fileID: 100100000, guid: 8884dc8048fa08d4ca072b16ee1b806a, type: 3}
--- !u!1001 &161296080
PrefabInstance:
  m_ObjectHideFlags: 0
  serializedVersion: 2
  m_Modification:
    m_TransformParent: {fileID: 0}
    m_Modifications:
    - target: {fileID: 6343656883038313253, guid: 0294d075b85605f4b9eab285f7af8fa1,
        type: 3}
      propertyPath: m_Name
      value: fillar_stone_01
      objectReference: {fileID: 0}
    - target: {fileID: 2543666779315398301, guid: 0294d075b85605f4b9eab285f7af8fa1,
        type: 3}
      propertyPath: m_LocalPosition.x
      value: 1
      objectReference: {fileID: 0}
    - target: {fileID: 2543666779315398301, guid: 0294d075b85605f4b9eab285f7af8fa1,
        type: 3}
      propertyPath: m_LocalPosition.y
      value: 0
      objectReference: {fileID: 0}
    - target: {fileID: 2543666779315398301, guid: 0294d075b85605f4b9eab285f7af8fa1,
        type: 3}
      propertyPath: m_LocalPosition.z
      value: -0.25
      objectReference: {fileID: 0}
    - target: {fileID: 2543666779315398301, guid: 0294d075b85605f4b9eab285f7af8fa1,
        type: 3}
      propertyPath: m_LocalRotation.x
      value: 0
      objectReference: {fileID: 0}
    - target: {fileID: 2543666779315398301, guid: 0294d075b85605f4b9eab285f7af8fa1,
        type: 3}
      propertyPath: m_LocalRotation.y
      value: 0
      objectReference: {fileID: 0}
    - target: {fileID: 2543666779315398301, guid: 0294d075b85605f4b9eab285f7af8fa1,
        type: 3}
      propertyPath: m_LocalRotation.z
      value: 0
      objectReference: {fileID: 0}
    - target: {fileID: 2543666779315398301, guid: 0294d075b85605f4b9eab285f7af8fa1,
        type: 3}
      propertyPath: m_LocalRotation.w
      value: 1
      objectReference: {fileID: 0}
    - target: {fileID: 2543666779315398301, guid: 0294d075b85605f4b9eab285f7af8fa1,
        type: 3}
      propertyPath: m_RootOrder
      value: 2
      objectReference: {fileID: 0}
    - target: {fileID: 2543666779315398301, guid: 0294d075b85605f4b9eab285f7af8fa1,
        type: 3}
      propertyPath: m_LocalEulerAnglesHint.x
      value: 0
      objectReference: {fileID: 0}
    - target: {fileID: 2543666779315398301, guid: 0294d075b85605f4b9eab285f7af8fa1,
        type: 3}
      propertyPath: m_LocalEulerAnglesHint.y
      value: 0
      objectReference: {fileID: 0}
    - target: {fileID: 2543666779315398301, guid: 0294d075b85605f4b9eab285f7af8fa1,
        type: 3}
      propertyPath: m_LocalEulerAnglesHint.z
      value: 0
      objectReference: {fileID: 0}
    - target: {fileID: 7486917507114657485, guid: 0294d075b85605f4b9eab285f7af8fa1,
        type: 3}
      propertyPath: m_Materials.Array.data[0]
      value: 
      objectReference: {fileID: 2100000, guid: c5de5fc05b4d0384db9d5eddad3947a2, type: 2}
    m_RemovedComponents: []
  m_SourcePrefab: {fileID: 100100000, guid: 0294d075b85605f4b9eab285f7af8fa1, type: 3}
--- !u!1001 &221021090
PrefabInstance:
  m_ObjectHideFlags: 0
  serializedVersion: 2
  m_Modification:
    m_TransformParent: {fileID: 0}
    m_Modifications:
    - target: {fileID: 7953869766524050914, guid: f84bc044cee94a746b4d4dfe03e51f31,
        type: 3}
      propertyPath: m_Name
      value: wall_module_01
      objectReference: {fileID: 0}
    - target: {fileID: 7953869766524050915, guid: f84bc044cee94a746b4d4dfe03e51f31,
        type: 3}
      propertyPath: m_LocalPosition.x
      value: 0
      objectReference: {fileID: 0}
    - target: {fileID: 7953869766524050915, guid: f84bc044cee94a746b4d4dfe03e51f31,
        type: 3}
      propertyPath: m_LocalPosition.y
      value: 0
      objectReference: {fileID: 0}
    - target: {fileID: 7953869766524050915, guid: f84bc044cee94a746b4d4dfe03e51f31,
        type: 3}
      propertyPath: m_LocalPosition.z
      value: 0
      objectReference: {fileID: 0}
    - target: {fileID: 7953869766524050915, guid: f84bc044cee94a746b4d4dfe03e51f31,
        type: 3}
      propertyPath: m_LocalRotation.x
      value: -0
      objectReference: {fileID: 0}
    - target: {fileID: 7953869766524050915, guid: f84bc044cee94a746b4d4dfe03e51f31,
        type: 3}
      propertyPath: m_LocalRotation.y
      value: 1
      objectReference: {fileID: 0}
    - target: {fileID: 7953869766524050915, guid: f84bc044cee94a746b4d4dfe03e51f31,
        type: 3}
      propertyPath: m_LocalRotation.z
      value: -0
      objectReference: {fileID: 0}
    - target: {fileID: 7953869766524050915, guid: f84bc044cee94a746b4d4dfe03e51f31,
        type: 3}
      propertyPath: m_LocalRotation.w
      value: 0.000015318392
      objectReference: {fileID: 0}
    - target: {fileID: 7953869766524050915, guid: f84bc044cee94a746b4d4dfe03e51f31,
        type: 3}
      propertyPath: m_RootOrder
      value: 5
      objectReference: {fileID: 0}
    - target: {fileID: 7953869766524050915, guid: f84bc044cee94a746b4d4dfe03e51f31,
        type: 3}
      propertyPath: m_LocalEulerAnglesHint.x
      value: 0
      objectReference: {fileID: 0}
    - target: {fileID: 7953869766524050915, guid: f84bc044cee94a746b4d4dfe03e51f31,
        type: 3}
      propertyPath: m_LocalEulerAnglesHint.y
      value: 179.998
      objectReference: {fileID: 0}
    - target: {fileID: 7953869766524050915, guid: f84bc044cee94a746b4d4dfe03e51f31,
        type: 3}
      propertyPath: m_LocalEulerAnglesHint.z
      value: 0
      objectReference: {fileID: 0}
    m_RemovedComponents: []
  m_SourcePrefab: {fileID: 100100000, guid: f84bc044cee94a746b4d4dfe03e51f31, type: 3}
--- !u!1 &243802698
GameObject:
  m_ObjectHideFlags: 0
  m_CorrespondingSourceObject: {fileID: 0}
  m_PrefabInstance: {fileID: 0}
  m_PrefabAsset: {fileID: 0}
  serializedVersion: 6
  m_Component:
  - component: {fileID: 243802700}
  - component: {fileID: 243802699}
  m_Layer: 0
  m_Name: Point Light (1)
  m_TagString: Untagged
  m_Icon: {fileID: 0}
  m_NavMeshLayer: 0
  m_StaticEditorFlags: 0
  m_IsActive: 0
--- !u!108 &243802699
Light:
  m_ObjectHideFlags: 0
  m_CorrespondingSourceObject: {fileID: 0}
  m_PrefabInstance: {fileID: 0}
  m_PrefabAsset: {fileID: 0}
  m_GameObject: {fileID: 243802698}
  m_Enabled: 1
  serializedVersion: 9
  m_Type: 2
  m_Color: {r: 0.740566, g: 0.87516814, b: 1, a: 1}
  m_Intensity: 1
  m_Range: 3
  m_SpotAngle: 30
  m_InnerSpotAngle: 21.80208
  m_CookieSize: 10
  m_Shadows:
    m_Type: 0
    m_Resolution: -1
    m_CustomResolution: -1
    m_Strength: 1
    m_Bias: 0.05
    m_NormalBias: 0.4
    m_NearPlane: 0.2
    m_CullingMatrixOverride:
      e00: 1
      e01: 0
      e02: 0
      e03: 0
      e10: 0
      e11: 1
      e12: 0
      e13: 0
      e20: 0
      e21: 0
      e22: 1
      e23: 0
      e30: 0
      e31: 0
      e32: 0
      e33: 1
    m_UseCullingMatrixOverride: 0
  m_Cookie: {fileID: 0}
  m_DrawHalo: 0
  m_Flare: {fileID: 0}
  m_RenderMode: 0
  m_CullingMask:
    serializedVersion: 2
    m_Bits: 4294967295
  m_RenderingLayerMask: 1
  m_Lightmapping: 2
  m_LightShadowCasterMode: 0
  m_AreaSize: {x: 1, y: 1}
  m_BounceIntensity: 1
  m_ColorTemperature: 6570
  m_UseColorTemperature: 0
  m_BoundingSphereOverride: {x: 0, y: 0, z: 0, w: 0}
  m_UseBoundingSphereOverride: 0
  m_ShadowRadius: 0
  m_ShadowAngle: 0
--- !u!4 &243802700
Transform:
  m_ObjectHideFlags: 0
  m_CorrespondingSourceObject: {fileID: 0}
  m_PrefabInstance: {fileID: 0}
  m_PrefabAsset: {fileID: 0}
  m_GameObject: {fileID: 243802698}
  m_LocalRotation: {x: 0, y: 0, z: 0, w: 1}
  m_LocalPosition: {x: 1.176, y: 0.534, z: -0.289}
  m_LocalScale: {x: 1, y: 1, z: 1}
  m_Children: []
  m_Father: {fileID: 0}
  m_RootOrder: 20
  m_LocalEulerAnglesHint: {x: 0, y: 0, z: 0}
--- !u!1001 &265305029
PrefabInstance:
  m_ObjectHideFlags: 0
  serializedVersion: 2
  m_Modification:
    m_TransformParent: {fileID: 0}
    m_Modifications:
    - target: {fileID: 1710255368564346378, guid: a697c7b7822afe4489f1408102ca15ed,
        type: 3}
      propertyPath: m_Name
      value: stones_01
      objectReference: {fileID: 0}
    - target: {fileID: 1710255368564346421, guid: a697c7b7822afe4489f1408102ca15ed,
        type: 3}
      propertyPath: m_LocalPosition.x
      value: 0.75
      objectReference: {fileID: 0}
    - target: {fileID: 1710255368564346421, guid: a697c7b7822afe4489f1408102ca15ed,
        type: 3}
      propertyPath: m_LocalPosition.y
      value: 0
      objectReference: {fileID: 0}
    - target: {fileID: 1710255368564346421, guid: a697c7b7822afe4489f1408102ca15ed,
        type: 3}
      propertyPath: m_LocalPosition.z
      value: 0.5
      objectReference: {fileID: 0}
    - target: {fileID: 1710255368564346421, guid: a697c7b7822afe4489f1408102ca15ed,
        type: 3}
      propertyPath: m_LocalRotation.x
      value: -0
      objectReference: {fileID: 0}
    - target: {fileID: 1710255368564346421, guid: a697c7b7822afe4489f1408102ca15ed,
        type: 3}
      propertyPath: m_LocalRotation.y
      value: 1
      objectReference: {fileID: 0}
    - target: {fileID: 1710255368564346421, guid: a697c7b7822afe4489f1408102ca15ed,
        type: 3}
      propertyPath: m_LocalRotation.z
      value: -0
      objectReference: {fileID: 0}
    - target: {fileID: 1710255368564346421, guid: a697c7b7822afe4489f1408102ca15ed,
        type: 3}
      propertyPath: m_LocalRotation.w
      value: 0.000015318392
      objectReference: {fileID: 0}
    - target: {fileID: 1710255368564346421, guid: a697c7b7822afe4489f1408102ca15ed,
        type: 3}
      propertyPath: m_RootOrder
      value: 9
      objectReference: {fileID: 0}
    - target: {fileID: 1710255368564346421, guid: a697c7b7822afe4489f1408102ca15ed,
        type: 3}
      propertyPath: m_LocalEulerAnglesHint.x
      value: 0
      objectReference: {fileID: 0}
    - target: {fileID: 1710255368564346421, guid: a697c7b7822afe4489f1408102ca15ed,
        type: 3}
      propertyPath: m_LocalEulerAnglesHint.y
      value: 179.998
      objectReference: {fileID: 0}
    - target: {fileID: 1710255368564346421, guid: a697c7b7822afe4489f1408102ca15ed,
        type: 3}
      propertyPath: m_LocalEulerAnglesHint.z
      value: 0
      objectReference: {fileID: 0}
    m_RemovedComponents: []
  m_SourcePrefab: {fileID: 100100000, guid: a697c7b7822afe4489f1408102ca15ed, type: 3}
--- !u!1 &480109115
GameObject:
  m_ObjectHideFlags: 0
  m_CorrespondingSourceObject: {fileID: 0}
  m_PrefabInstance: {fileID: 0}
  m_PrefabAsset: {fileID: 0}
  serializedVersion: 6
  m_Component:
  - component: {fileID: 480109117}
  - component: {fileID: 480109116}
  m_Layer: 0
  m_Name: Directional Light
  m_TagString: Untagged
  m_Icon: {fileID: 0}
  m_NavMeshLayer: 0
  m_StaticEditorFlags: 0
  m_IsActive: 0
--- !u!108 &480109116
Light:
  m_ObjectHideFlags: 0
  m_CorrespondingSourceObject: {fileID: 0}
  m_PrefabInstance: {fileID: 0}
  m_PrefabAsset: {fileID: 0}
  m_GameObject: {fileID: 480109115}
  m_Enabled: 1
  serializedVersion: 9
  m_Type: 1
  m_Color: {r: 1, g: 0.95686275, b: 0.8392157, a: 1}
  m_Intensity: 0.2
  m_Range: 10
  m_SpotAngle: 30
  m_InnerSpotAngle: 21.80208
  m_CookieSize: 10
  m_Shadows:
    m_Type: 2
    m_Resolution: -1
    m_CustomResolution: -1
    m_Strength: 1
    m_Bias: 0.05
    m_NormalBias: 0.4
    m_NearPlane: 0.2
    m_CullingMatrixOverride:
      e00: 1
      e01: 0
      e02: 0
      e03: 0
      e10: 0
      e11: 1
      e12: 0
      e13: 0
      e20: 0
      e21: 0
      e22: 1
      e23: 0
      e30: 0
      e31: 0
      e32: 0
      e33: 1
    m_UseCullingMatrixOverride: 0
  m_Cookie: {fileID: 0}
  m_DrawHalo: 0
  m_Flare: {fileID: 0}
  m_RenderMode: 0
  m_CullingMask:
    serializedVersion: 2
    m_Bits: 4294967295
  m_RenderingLayerMask: 1
  m_Lightmapping: 4
  m_LightShadowCasterMode: 0
  m_AreaSize: {x: 1, y: 1}
  m_BounceIntensity: 1
  m_ColorTemperature: 6570
  m_UseColorTemperature: 0
  m_BoundingSphereOverride: {x: 0, y: 0, z: 0, w: 0}
  m_UseBoundingSphereOverride: 0
  m_ShadowRadius: 0
  m_ShadowAngle: 0
--- !u!4 &480109117
Transform:
  m_ObjectHideFlags: 0
  m_CorrespondingSourceObject: {fileID: 0}
  m_PrefabInstance: {fileID: 0}
  m_PrefabAsset: {fileID: 0}
  m_GameObject: {fileID: 480109115}
  m_LocalRotation: {x: 0.40821788, y: -0.23456968, z: 0.10938163, w: 0.8754261}
  m_LocalPosition: {x: 0, y: 3, z: 0}
  m_LocalScale: {x: 1, y: 1, z: 1}
  m_Children: []
  m_Father: {fileID: 0}
  m_RootOrder: 3
  m_LocalEulerAnglesHint: {x: 50, y: -30, z: 0}
--- !u!1001 &571335828
PrefabInstance:
  m_ObjectHideFlags: 0
  serializedVersion: 2
  m_Modification:
    m_TransformParent: {fileID: 0}
    m_Modifications:
    - target: {fileID: 1355134248587139719, guid: 66b945d0d16037f4da2e9cbb16ede475,
        type: 3}
      propertyPath: m_Name
      value: bones_01
      objectReference: {fileID: 0}
    - target: {fileID: 1355134248587139712, guid: 66b945d0d16037f4da2e9cbb16ede475,
        type: 3}
      propertyPath: m_LocalPosition.x
      value: 1.27
      objectReference: {fileID: 0}
    - target: {fileID: 1355134248587139712, guid: 66b945d0d16037f4da2e9cbb16ede475,
        type: 3}
      propertyPath: m_LocalPosition.y
      value: 0
      objectReference: {fileID: 0}
    - target: {fileID: 1355134248587139712, guid: 66b945d0d16037f4da2e9cbb16ede475,
        type: 3}
      propertyPath: m_LocalPosition.z
      value: 0.516
      objectReference: {fileID: 0}
    - target: {fileID: 1355134248587139712, guid: 66b945d0d16037f4da2e9cbb16ede475,
        type: 3}
      propertyPath: m_LocalRotation.x
      value: -0
      objectReference: {fileID: 0}
    - target: {fileID: 1355134248587139712, guid: 66b945d0d16037f4da2e9cbb16ede475,
        type: 3}
      propertyPath: m_LocalRotation.y
      value: 0.80646944
      objectReference: {fileID: 0}
    - target: {fileID: 1355134248587139712, guid: 66b945d0d16037f4da2e9cbb16ede475,
        type: 3}
      propertyPath: m_LocalRotation.z
      value: -0
      objectReference: {fileID: 0}
    - target: {fileID: 1355134248587139712, guid: 66b945d0d16037f4da2e9cbb16ede475,
        type: 3}
      propertyPath: m_LocalRotation.w
      value: 0.5912759
      objectReference: {fileID: 0}
    - target: {fileID: 1355134248587139712, guid: 66b945d0d16037f4da2e9cbb16ede475,
        type: 3}
      propertyPath: m_RootOrder
      value: 1
      objectReference: {fileID: 0}
    - target: {fileID: 1355134248587139712, guid: 66b945d0d16037f4da2e9cbb16ede475,
        type: 3}
      propertyPath: m_LocalEulerAnglesHint.x
      value: 0
      objectReference: {fileID: 0}
    - target: {fileID: 1355134248587139712, guid: 66b945d0d16037f4da2e9cbb16ede475,
        type: 3}
      propertyPath: m_LocalEulerAnglesHint.y
      value: 107.505005
      objectReference: {fileID: 0}
    - target: {fileID: 1355134248587139712, guid: 66b945d0d16037f4da2e9cbb16ede475,
        type: 3}
      propertyPath: m_LocalEulerAnglesHint.z
      value: 0
      objectReference: {fileID: 0}
    m_RemovedComponents: []
  m_SourcePrefab: {fileID: 100100000, guid: 66b945d0d16037f4da2e9cbb16ede475, type: 3}
--- !u!1001 &734966712
PrefabInstance:
  m_ObjectHideFlags: 0
  serializedVersion: 2
  m_Modification:
    m_TransformParent: {fileID: 0}
    m_Modifications:
    - target: {fileID: 1710255368564346378, guid: a697c7b7822afe4489f1408102ca15ed,
        type: 3}
      propertyPath: m_Name
      value: stones_01 (1)
      objectReference: {fileID: 0}
    - target: {fileID: 1710255368564346421, guid: a697c7b7822afe4489f1408102ca15ed,
        type: 3}
      propertyPath: m_LocalPosition.x
      value: -0.407
      objectReference: {fileID: 0}
    - target: {fileID: 1710255368564346421, guid: a697c7b7822afe4489f1408102ca15ed,
        type: 3}
      propertyPath: m_LocalPosition.y
      value: 0
      objectReference: {fileID: 0}
    - target: {fileID: 1710255368564346421, guid: a697c7b7822afe4489f1408102ca15ed,
        type: 3}
      propertyPath: m_LocalPosition.z
      value: 0.154
      objectReference: {fileID: 0}
    - target: {fileID: 1710255368564346421, guid: a697c7b7822afe4489f1408102ca15ed,
        type: 3}
      propertyPath: m_LocalRotation.x
      value: -0
      objectReference: {fileID: 0}
    - target: {fileID: 1710255368564346421, guid: a697c7b7822afe4489f1408102ca15ed,
        type: 3}
      propertyPath: m_LocalRotation.y
      value: 0.92524666
      objectReference: {fileID: 0}
    - target: {fileID: 1710255368564346421, guid: a697c7b7822afe4489f1408102ca15ed,
        type: 3}
      propertyPath: m_LocalRotation.z
      value: -0
      objectReference: {fileID: 0}
    - target: {fileID: 1710255368564346421, guid: a697c7b7822afe4489f1408102ca15ed,
        type: 3}
      propertyPath: m_LocalRotation.w
      value: 0.37936616
      objectReference: {fileID: 0}
    - target: {fileID: 1710255368564346421, guid: a697c7b7822afe4489f1408102ca15ed,
        type: 3}
      propertyPath: m_RootOrder
      value: 18
      objectReference: {fileID: 0}
    - target: {fileID: 1710255368564346421, guid: a697c7b7822afe4489f1408102ca15ed,
        type: 3}
      propertyPath: m_LocalEulerAnglesHint.x
      value: 0
      objectReference: {fileID: 0}
    - target: {fileID: 1710255368564346421, guid: a697c7b7822afe4489f1408102ca15ed,
        type: 3}
      propertyPath: m_LocalEulerAnglesHint.y
      value: 135.41101
      objectReference: {fileID: 0}
    - target: {fileID: 1710255368564346421, guid: a697c7b7822afe4489f1408102ca15ed,
        type: 3}
      propertyPath: m_LocalEulerAnglesHint.z
      value: 0
      objectReference: {fileID: 0}
    m_RemovedComponents: []
  m_SourcePrefab: {fileID: 100100000, guid: a697c7b7822afe4489f1408102ca15ed, type: 3}
--- !u!1 &857159881
GameObject:
  m_ObjectHideFlags: 0
  m_CorrespondingSourceObject: {fileID: 0}
  m_PrefabInstance: {fileID: 0}
  m_PrefabAsset: {fileID: 0}
  serializedVersion: 6
  m_Component:
  - component: {fileID: 857159884}
  - component: {fileID: 857159883}
  - component: {fileID: 857159882}
  m_Layer: 0
  m_Name: Main Camera
  m_TagString: MainCamera
  m_Icon: {fileID: 0}
  m_NavMeshLayer: 0
  m_StaticEditorFlags: 0
  m_IsActive: 1
--- !u!81 &857159882
AudioListener:
  m_ObjectHideFlags: 0
  m_CorrespondingSourceObject: {fileID: 0}
  m_PrefabInstance: {fileID: 0}
  m_PrefabAsset: {fileID: 0}
  m_GameObject: {fileID: 857159881}
  m_Enabled: 1
--- !u!20 &857159883
Camera:
  m_ObjectHideFlags: 0
  m_CorrespondingSourceObject: {fileID: 0}
  m_PrefabInstance: {fileID: 0}
  m_PrefabAsset: {fileID: 0}
  m_GameObject: {fileID: 857159881}
  m_Enabled: 1
  serializedVersion: 2
  m_ClearFlags: 1
  m_BackGroundColor: {r: 0.19215687, g: 0.3019608, b: 0.4745098, a: 0}
  m_projectionMatrixMode: 1
  m_GateFitMode: 2
  m_FOVAxisMode: 0
  m_SensorSize: {x: 36, y: 24}
  m_LensShift: {x: 0, y: 0}
  m_FocalLength: 50
  m_NormalizedViewPortRect:
    serializedVersion: 2
    x: 0
    y: 0
    width: 1
    height: 1
  near clip plane: 0.3
  far clip plane: 1000
  field of view: 60
  orthographic: 0
  orthographic size: 5
  m_Depth: -1
  m_CullingMask:
    serializedVersion: 2
    m_Bits: 4294967295
  m_RenderingPath: -1
  m_TargetTexture: {fileID: 0}
  m_TargetDisplay: 0
  m_TargetEye: 3
  m_HDR: 1
  m_AllowMSAA: 1
  m_AllowDynamicResolution: 0
  m_ForceIntoRT: 0
  m_OcclusionCulling: 1
  m_StereoConvergence: 10
  m_StereoSeparation: 0.022
--- !u!4 &857159884
Transform:
  m_ObjectHideFlags: 0
  m_CorrespondingSourceObject: {fileID: 0}
  m_PrefabInstance: {fileID: 0}
  m_PrefabAsset: {fileID: 0}
  m_GameObject: {fileID: 857159881}
  m_LocalRotation: {x: 0.38268274, y: -0, z: -0, w: 0.9238798}
  m_LocalPosition: {x: 0, y: 5, z: -3.5}
  m_LocalScale: {x: 1, y: 1, z: 1}
  m_Children: []
  m_Father: {fileID: 0}
  m_RootOrder: 0
  m_LocalEulerAnglesHint: {x: 45.000004, y: 0, z: 0}
--- !u!1001 &934169373
PrefabInstance:
  m_ObjectHideFlags: 0
  serializedVersion: 2
  m_Modification:
    m_TransformParent: {fileID: 0}
    m_Modifications:
    - target: {fileID: 8653069173349848550, guid: 0a0d2844a285ab740b971bcc391f4f87,
        type: 3}
      propertyPath: m_Name
      value: floor_tile_01 (1)
      objectReference: {fileID: 0}
    - target: {fileID: 8653069173349848550, guid: 0a0d2844a285ab740b971bcc391f4f87,
        type: 3}
      propertyPath: m_IsActive
      value: 1
      objectReference: {fileID: 0}
    - target: {fileID: 8653069173349848551, guid: 0a0d2844a285ab740b971bcc391f4f87,
        type: 3}
      propertyPath: m_LocalPosition.x
      value: -1
      objectReference: {fileID: 0}
    - target: {fileID: 8653069173349848551, guid: 0a0d2844a285ab740b971bcc391f4f87,
        type: 3}
      propertyPath: m_LocalPosition.y
      value: 0
      objectReference: {fileID: 0}
    - target: {fileID: 8653069173349848551, guid: 0a0d2844a285ab740b971bcc391f4f87,
        type: 3}
      propertyPath: m_LocalPosition.z
      value: 0
      objectReference: {fileID: 0}
    - target: {fileID: 8653069173349848551, guid: 0a0d2844a285ab740b971bcc391f4f87,
        type: 3}
      propertyPath: m_LocalRotation.x
      value: -0
      objectReference: {fileID: 0}
    - target: {fileID: 8653069173349848551, guid: 0a0d2844a285ab740b971bcc391f4f87,
        type: 3}
      propertyPath: m_LocalRotation.y
      value: 1
      objectReference: {fileID: 0}
    - target: {fileID: 8653069173349848551, guid: 0a0d2844a285ab740b971bcc391f4f87,
        type: 3}
      propertyPath: m_LocalRotation.z
      value: -0
      objectReference: {fileID: 0}
    - target: {fileID: 8653069173349848551, guid: 0a0d2844a285ab740b971bcc391f4f87,
        type: 3}
      propertyPath: m_LocalRotation.w
      value: 0.000015318392
      objectReference: {fileID: 0}
    - target: {fileID: 8653069173349848551, guid: 0a0d2844a285ab740b971bcc391f4f87,
        type: 3}
      propertyPath: m_RootOrder
      value: 15
      objectReference: {fileID: 0}
    - target: {fileID: 8653069173349848551, guid: 0a0d2844a285ab740b971bcc391f4f87,
        type: 3}
      propertyPath: m_LocalEulerAnglesHint.x
      value: 0
      objectReference: {fileID: 0}
    - target: {fileID: 8653069173349848551, guid: 0a0d2844a285ab740b971bcc391f4f87,
        type: 3}
      propertyPath: m_LocalEulerAnglesHint.y
      value: 179.998
      objectReference: {fileID: 0}
    - target: {fileID: 8653069173349848551, guid: 0a0d2844a285ab740b971bcc391f4f87,
        type: 3}
      propertyPath: m_LocalEulerAnglesHint.z
      value: 0
      objectReference: {fileID: 0}
    - target: {fileID: 1371587478892976489, guid: 0a0d2844a285ab740b971bcc391f4f87,
        type: 3}
      propertyPath: m_Materials.Array.data[0]
      value: 
      objectReference: {fileID: 2100000, guid: a8bcaac8ab6634b4588e924a05c1e2c1, type: 2}
    m_RemovedComponents: []
  m_SourcePrefab: {fileID: 100100000, guid: 0a0d2844a285ab740b971bcc391f4f87, type: 3}
--- !u!1 &1070039266
GameObject:
  m_ObjectHideFlags: 0
  m_CorrespondingSourceObject: {fileID: 0}
  m_PrefabInstance: {fileID: 0}
  m_PrefabAsset: {fileID: 0}
  serializedVersion: 6
  m_Component:
  - component: {fileID: 1070039268}
  - component: {fileID: 1070039267}
  m_Layer: 0
  m_Name: Point Light (2)
  m_TagString: Untagged
  m_Icon: {fileID: 0}
  m_NavMeshLayer: 0
  m_StaticEditorFlags: 0
  m_IsActive: 0
--- !u!108 &1070039267
Light:
  m_ObjectHideFlags: 0
  m_CorrespondingSourceObject: {fileID: 0}
  m_PrefabInstance: {fileID: 0}
  m_PrefabAsset: {fileID: 0}
  m_GameObject: {fileID: 1070039266}
  m_Enabled: 1
  serializedVersion: 9
  m_Type: 2
  m_Color: {r: 0.6320754, g: 0.242088, b: 0.15801886, a: 1}
  m_Intensity: 4
  m_Range: 3
  m_SpotAngle: 30
  m_InnerSpotAngle: 21.80208
  m_CookieSize: 10
  m_Shadows:
    m_Type: 0
    m_Resolution: -1
    m_CustomResolution: -1
    m_Strength: 1
    m_Bias: 0.05
    m_NormalBias: 0.4
    m_NearPlane: 0.2
    m_CullingMatrixOverride:
      e00: 1
      e01: 0
      e02: 0
      e03: 0
      e10: 0
      e11: 1
      e12: 0
      e13: 0
      e20: 0
      e21: 0
      e22: 1
      e23: 0
      e30: 0
      e31: 0
      e32: 0
      e33: 1
    m_UseCullingMatrixOverride: 0
  m_Cookie: {fileID: 0}
  m_DrawHalo: 0
  m_Flare: {fileID: 0}
  m_RenderMode: 0
  m_CullingMask:
    serializedVersion: 2
    m_Bits: 4294967295
  m_RenderingLayerMask: 1
  m_Lightmapping: 2
  m_LightShadowCasterMode: 0
  m_AreaSize: {x: 1, y: 1}
  m_BounceIntensity: 1
  m_ColorTemperature: 6570
  m_UseColorTemperature: 0
  m_BoundingSphereOverride: {x: 0, y: 0, z: 0, w: 0}
  m_UseBoundingSphereOverride: 0
  m_ShadowRadius: 0
  m_ShadowAngle: 0
--- !u!4 &1070039268
Transform:
  m_ObjectHideFlags: 0
  m_CorrespondingSourceObject: {fileID: 0}
  m_PrefabInstance: {fileID: 0}
  m_PrefabAsset: {fileID: 0}
  m_GameObject: {fileID: 1070039266}
  m_LocalRotation: {x: 0, y: 0, z: 0, w: 1}
  m_LocalPosition: {x: -0.824, y: 0.534, z: -0.039}
  m_LocalScale: {x: 1, y: 1, z: 1}
  m_Children: []
  m_Father: {fileID: 0}
  m_RootOrder: 22
  m_LocalEulerAnglesHint: {x: 0, y: 0, z: 0}
--- !u!1001 &1202112570
PrefabInstance:
  m_ObjectHideFlags: 0
  serializedVersion: 2
  m_Modification:
    m_TransformParent: {fileID: 0}
    m_Modifications:
    - target: {fileID: 6885137199524872872, guid: b16ccdf4e6f54b34d9af42c400629406,
        type: 3}
      propertyPath: m_Name
      value: barrel_01
      objectReference: {fileID: 0}
    - target: {fileID: 6885137199524872875, guid: b16ccdf4e6f54b34d9af42c400629406,
        type: 3}
      propertyPath: m_LocalPosition.x
      value: -0.75
      objectReference: {fileID: 0}
    - target: {fileID: 6885137199524872875, guid: b16ccdf4e6f54b34d9af42c400629406,
        type: 3}
      propertyPath: m_LocalPosition.y
      value: 0
      objectReference: {fileID: 0}
    - target: {fileID: 6885137199524872875, guid: b16ccdf4e6f54b34d9af42c400629406,
        type: 3}
      propertyPath: m_LocalPosition.z
      value: 0.286
      objectReference: {fileID: 0}
    - target: {fileID: 6885137199524872875, guid: b16ccdf4e6f54b34d9af42c400629406,
        type: 3}
      propertyPath: m_LocalRotation.x
      value: -0
      objectReference: {fileID: 0}
    - target: {fileID: 6885137199524872875, guid: b16ccdf4e6f54b34d9af42c400629406,
        type: 3}
      propertyPath: m_LocalRotation.y
      value: 1
      objectReference: {fileID: 0}
    - target: {fileID: 6885137199524872875, guid: b16ccdf4e6f54b34d9af42c400629406,
        type: 3}
      propertyPath: m_LocalRotation.z
      value: -0
      objectReference: {fileID: 0}
    - target: {fileID: 6885137199524872875, guid: b16ccdf4e6f54b34d9af42c400629406,
        type: 3}
      propertyPath: m_LocalRotation.w
      value: 0.000015318392
      objectReference: {fileID: 0}
    - target: {fileID: 6885137199524872875, guid: b16ccdf4e6f54b34d9af42c400629406,
        type: 3}
      propertyPath: m_RootOrder
      value: 8
      objectReference: {fileID: 0}
    - target: {fileID: 6885137199524872875, guid: b16ccdf4e6f54b34d9af42c400629406,
        type: 3}
      propertyPath: m_LocalEulerAnglesHint.x
      value: 0
      objectReference: {fileID: 0}
    - target: {fileID: 6885137199524872875, guid: b16ccdf4e6f54b34d9af42c400629406,
        type: 3}
      propertyPath: m_LocalEulerAnglesHint.y
      value: 179.998
      objectReference: {fileID: 0}
    - target: {fileID: 6885137199524872875, guid: b16ccdf4e6f54b34d9af42c400629406,
        type: 3}
      propertyPath: m_LocalEulerAnglesHint.z
      value: 0
      objectReference: {fileID: 0}
    m_RemovedComponents: []
  m_SourcePrefab: {fileID: 100100000, guid: b16ccdf4e6f54b34d9af42c400629406, type: 3}
--- !u!1001 &1214837073
PrefabInstance:
  m_ObjectHideFlags: 0
  serializedVersion: 2
  m_Modification:
    m_TransformParent: {fileID: 0}
    m_Modifications:
    - target: {fileID: 7953869766524050914, guid: f84bc044cee94a746b4d4dfe03e51f31,
        type: 3}
      propertyPath: m_Name
      value: wall_module_01 (2)
      objectReference: {fileID: 0}
    - target: {fileID: 7953869766524050915, guid: f84bc044cee94a746b4d4dfe03e51f31,
        type: 3}
      propertyPath: m_LocalPosition.x
      value: -2
      objectReference: {fileID: 0}
    - target: {fileID: 7953869766524050915, guid: f84bc044cee94a746b4d4dfe03e51f31,
        type: 3}
      propertyPath: m_LocalPosition.y
      value: 0
      objectReference: {fileID: 0}
    - target: {fileID: 7953869766524050915, guid: f84bc044cee94a746b4d4dfe03e51f31,
        type: 3}
      propertyPath: m_LocalPosition.z
      value: 0
      objectReference: {fileID: 0}
    - target: {fileID: 7953869766524050915, guid: f84bc044cee94a746b4d4dfe03e51f31,
        type: 3}
      propertyPath: m_LocalRotation.x
      value: -0
      objectReference: {fileID: 0}
    - target: {fileID: 7953869766524050915, guid: f84bc044cee94a746b4d4dfe03e51f31,
        type: 3}
      propertyPath: m_LocalRotation.y
      value: 1
      objectReference: {fileID: 0}
    - target: {fileID: 7953869766524050915, guid: f84bc044cee94a746b4d4dfe03e51f31,
        type: 3}
      propertyPath: m_LocalRotation.z
      value: -0
      objectReference: {fileID: 0}
    - target: {fileID: 7953869766524050915, guid: f84bc044cee94a746b4d4dfe03e51f31,
        type: 3}
      propertyPath: m_LocalRotation.w
      value: 0.000015318392
      objectReference: {fileID: 0}
    - target: {fileID: 7953869766524050915, guid: f84bc044cee94a746b4d4dfe03e51f31,
        type: 3}
      propertyPath: m_RootOrder
      value: 17
      objectReference: {fileID: 0}
    - target: {fileID: 7953869766524050915, guid: f84bc044cee94a746b4d4dfe03e51f31,
        type: 3}
      propertyPath: m_LocalEulerAnglesHint.x
      value: 0
      objectReference: {fileID: 0}
    - target: {fileID: 7953869766524050915, guid: f84bc044cee94a746b4d4dfe03e51f31,
        type: 3}
      propertyPath: m_LocalEulerAnglesHint.y
      value: 179.998
      objectReference: {fileID: 0}
    - target: {fileID: 7953869766524050915, guid: f84bc044cee94a746b4d4dfe03e51f31,
        type: 3}
      propertyPath: m_LocalEulerAnglesHint.z
      value: 0
      objectReference: {fileID: 0}
    m_RemovedComponents: []
  m_SourcePrefab: {fileID: 100100000, guid: f84bc044cee94a746b4d4dfe03e51f31, type: 3}
--- !u!1001 &1377788706
PrefabInstance:
  m_ObjectHideFlags: 0
  serializedVersion: 2
  m_Modification:
    m_TransformParent: {fileID: 0}
    m_Modifications:
    - target: {fileID: 2626091062622869653, guid: cb28f7c9d016b9441ae9a1112d115718,
        type: 3}
      propertyPath: m_Name
      value: wall_module_02
      objectReference: {fileID: 0}
    - target: {fileID: 2626091062622869652, guid: cb28f7c9d016b9441ae9a1112d115718,
        type: 3}
      propertyPath: m_LocalPosition.x
      value: 1
      objectReference: {fileID: 0}
    - target: {fileID: 2626091062622869652, guid: cb28f7c9d016b9441ae9a1112d115718,
        type: 3}
      propertyPath: m_LocalPosition.y
      value: 0
      objectReference: {fileID: 0}
    - target: {fileID: 2626091062622869652, guid: cb28f7c9d016b9441ae9a1112d115718,
        type: 3}
      propertyPath: m_LocalPosition.z
      value: 0.25
      objectReference: {fileID: 0}
    - target: {fileID: 2626091062622869652, guid: cb28f7c9d016b9441ae9a1112d115718,
        type: 3}
      propertyPath: m_LocalRotation.x
      value: -0
      objectReference: {fileID: 0}
    - target: {fileID: 2626091062622869652, guid: cb28f7c9d016b9441ae9a1112d115718,
        type: 3}
      propertyPath: m_LocalRotation.y
      value: 1
      objectReference: {fileID: 0}
    - target: {fileID: 2626091062622869652, guid: cb28f7c9d016b9441ae9a1112d115718,
        type: 3}
      propertyPath: m_LocalRotation.z
      value: -0
      objectReference: {fileID: 0}
    - target: {fileID: 2626091062622869652, guid: cb28f7c9d016b9441ae9a1112d115718,
        type: 3}
      propertyPath: m_LocalRotation.w
      value: 0.000015318392
      objectReference: {fileID: 0}
    - target: {fileID: 2626091062622869652, guid: cb28f7c9d016b9441ae9a1112d115718,
        type: 3}
      propertyPath: m_RootOrder
      value: 4
      objectReference: {fileID: 0}
    - target: {fileID: 2626091062622869652, guid: cb28f7c9d016b9441ae9a1112d115718,
        type: 3}
      propertyPath: m_LocalEulerAnglesHint.x
      value: 0
      objectReference: {fileID: 0}
    - target: {fileID: 2626091062622869652, guid: cb28f7c9d016b9441ae9a1112d115718,
        type: 3}
      propertyPath: m_LocalEulerAnglesHint.y
      value: 179.998
      objectReference: {fileID: 0}
    - target: {fileID: 2626091062622869652, guid: cb28f7c9d016b9441ae9a1112d115718,
        type: 3}
      propertyPath: m_LocalEulerAnglesHint.z
      value: 0
      objectReference: {fileID: 0}
    - target: {fileID: 5723095404783742297, guid: cb28f7c9d016b9441ae9a1112d115718,
        type: 3}
      propertyPath: m_Materials.Array.data[0]
      value: 
      objectReference: {fileID: 2100000, guid: c5de5fc05b4d0384db9d5eddad3947a2, type: 2}
    m_RemovedComponents: []
  m_SourcePrefab: {fileID: 100100000, guid: cb28f7c9d016b9441ae9a1112d115718, type: 3}
--- !u!1001 &1389059809
PrefabInstance:
  m_ObjectHideFlags: 0
  serializedVersion: 2
  m_Modification:
    m_TransformParent: {fileID: 0}
    m_Modifications:
    - target: {fileID: 2626091062622869653, guid: cb28f7c9d016b9441ae9a1112d115718,
        type: 3}
      propertyPath: m_Name
      value: wall_module_02 (1)
      objectReference: {fileID: 0}
    - target: {fileID: 2626091062622869652, guid: cb28f7c9d016b9441ae9a1112d115718,
        type: 3}
      propertyPath: m_LocalPosition.x
      value: 2
      objectReference: {fileID: 0}
    - target: {fileID: 2626091062622869652, guid: cb28f7c9d016b9441ae9a1112d115718,
        type: 3}
      propertyPath: m_LocalPosition.y
      value: 0
      objectReference: {fileID: 0}
    - target: {fileID: 2626091062622869652, guid: cb28f7c9d016b9441ae9a1112d115718,
        type: 3}
      propertyPath: m_LocalPosition.z
      value: 0.25
      objectReference: {fileID: 0}
    - target: {fileID: 2626091062622869652, guid: cb28f7c9d016b9441ae9a1112d115718,
        type: 3}
      propertyPath: m_LocalRotation.x
      value: -0
      objectReference: {fileID: 0}
    - target: {fileID: 2626091062622869652, guid: cb28f7c9d016b9441ae9a1112d115718,
        type: 3}
      propertyPath: m_LocalRotation.y
      value: 1
      objectReference: {fileID: 0}
    - target: {fileID: 2626091062622869652, guid: cb28f7c9d016b9441ae9a1112d115718,
        type: 3}
      propertyPath: m_LocalRotation.z
      value: -0
      objectReference: {fileID: 0}
    - target: {fileID: 2626091062622869652, guid: cb28f7c9d016b9441ae9a1112d115718,
        type: 3}
      propertyPath: m_LocalRotation.w
      value: 0.000015318392
      objectReference: {fileID: 0}
    - target: {fileID: 2626091062622869652, guid: cb28f7c9d016b9441ae9a1112d115718,
        type: 3}
      propertyPath: m_RootOrder
      value: 12
      objectReference: {fileID: 0}
    - target: {fileID: 2626091062622869652, guid: cb28f7c9d016b9441ae9a1112d115718,
        type: 3}
      propertyPath: m_LocalEulerAnglesHint.x
      value: 0
      objectReference: {fileID: 0}
    - target: {fileID: 2626091062622869652, guid: cb28f7c9d016b9441ae9a1112d115718,
        type: 3}
      propertyPath: m_LocalEulerAnglesHint.y
      value: 179.998
      objectReference: {fileID: 0}
    - target: {fileID: 2626091062622869652, guid: cb28f7c9d016b9441ae9a1112d115718,
        type: 3}
      propertyPath: m_LocalEulerAnglesHint.z
      value: 0
      objectReference: {fileID: 0}
    m_RemovedComponents: []
  m_SourcePrefab: {fileID: 100100000, guid: cb28f7c9d016b9441ae9a1112d115718, type: 3}
--- !u!1001 &1492048996
PrefabInstance:
  m_ObjectHideFlags: 0
  serializedVersion: 2
  m_Modification:
    m_TransformParent: {fileID: 0}
    m_Modifications:
    - target: {fileID: 8653069173349848550, guid: 0a0d2844a285ab740b971bcc391f4f87,
        type: 3}
      propertyPath: m_Name
      value: floor_tile_01 (2)
      objectReference: {fileID: 0}
    - target: {fileID: 8653069173349848551, guid: 0a0d2844a285ab740b971bcc391f4f87,
        type: 3}
      propertyPath: m_LocalPosition.x
      value: -2.0000057
      objectReference: {fileID: 0}
    - target: {fileID: 8653069173349848551, guid: 0a0d2844a285ab740b971bcc391f4f87,
        type: 3}
      propertyPath: m_LocalPosition.y
      value: 0
      objectReference: {fileID: 0}
    - target: {fileID: 8653069173349848551, guid: 0a0d2844a285ab740b971bcc391f4f87,
        type: 3}
      propertyPath: m_LocalPosition.z
      value: 0.000005369965
      objectReference: {fileID: 0}
    - target: {fileID: 8653069173349848551, guid: 0a0d2844a285ab740b971bcc391f4f87,
        type: 3}
      propertyPath: m_LocalRotation.x
      value: -0
      objectReference: {fileID: 0}
    - target: {fileID: 8653069173349848551, guid: 0a0d2844a285ab740b971bcc391f4f87,
        type: 3}
      propertyPath: m_LocalRotation.y
      value: 0.7070971
      objectReference: {fileID: 0}
    - target: {fileID: 8653069173349848551, guid: 0a0d2844a285ab740b971bcc391f4f87,
        type: 3}
      propertyPath: m_LocalRotation.z
      value: -0
      objectReference: {fileID: 0}
    - target: {fileID: 8653069173349848551, guid: 0a0d2844a285ab740b971bcc391f4f87,
        type: 3}
      propertyPath: m_LocalRotation.w
      value: 0.7071165
      objectReference: {fileID: 0}
    - target: {fileID: 8653069173349848551, guid: 0a0d2844a285ab740b971bcc391f4f87,
        type: 3}
      propertyPath: m_RootOrder
      value: 16
      objectReference: {fileID: 0}
    - target: {fileID: 8653069173349848551, guid: 0a0d2844a285ab740b971bcc391f4f87,
        type: 3}
      propertyPath: m_LocalEulerAnglesHint.x
      value: 0
      objectReference: {fileID: 0}
    - target: {fileID: 8653069173349848551, guid: 0a0d2844a285ab740b971bcc391f4f87,
        type: 3}
      propertyPath: m_LocalEulerAnglesHint.y
      value: 89.998
      objectReference: {fileID: 0}
    - target: {fileID: 8653069173349848551, guid: 0a0d2844a285ab740b971bcc391f4f87,
        type: 3}
      propertyPath: m_LocalEulerAnglesHint.z
      value: 0
      objectReference: {fileID: 0}
    m_RemovedComponents: []
  m_SourcePrefab: {fileID: 100100000, guid: 0a0d2844a285ab740b971bcc391f4f87, type: 3}
--- !u!1 &1557459908
GameObject:
  m_ObjectHideFlags: 0
  m_CorrespondingSourceObject: {fileID: 0}
  m_PrefabInstance: {fileID: 0}
  m_PrefabAsset: {fileID: 0}
  serializedVersion: 6
  m_Component:
  - component: {fileID: 1557459910}
  - component: {fileID: 1557459909}
  m_Layer: 0
  m_Name: Point Light
  m_TagString: Untagged
  m_Icon: {fileID: 0}
  m_NavMeshLayer: 0
  m_StaticEditorFlags: 0
  m_IsActive: 0
--- !u!108 &1557459909
Light:
  m_ObjectHideFlags: 0
  m_CorrespondingSourceObject: {fileID: 0}
  m_PrefabInstance: {fileID: 0}
  m_PrefabAsset: {fileID: 0}
  m_GameObject: {fileID: 1557459908}
  m_Enabled: 1
  serializedVersion: 9
  m_Type: 2
  m_Color: {r: 0.740566, g: 0.87516814, b: 1, a: 1}
  m_Intensity: 1
  m_Range: 3
  m_SpotAngle: 30
  m_InnerSpotAngle: 21.80208
  m_CookieSize: 10
  m_Shadows:
    m_Type: 0
    m_Resolution: -1
    m_CustomResolution: -1
    m_Strength: 1
    m_Bias: 0.05
    m_NormalBias: 0.4
    m_NearPlane: 0.2
    m_CullingMatrixOverride:
      e00: 1
      e01: 0
      e02: 0
      e03: 0
      e10: 0
      e11: 1
      e12: 0
      e13: 0
      e20: 0
      e21: 0
      e22: 1
      e23: 0
      e30: 0
      e31: 0
      e32: 0
      e33: 1
    m_UseCullingMatrixOverride: 0
  m_Cookie: {fileID: 0}
  m_DrawHalo: 0
  m_Flare: {fileID: 0}
  m_RenderMode: 0
  m_CullingMask:
    serializedVersion: 2
    m_Bits: 4294967295
  m_RenderingLayerMask: 1
  m_Lightmapping: 2
  m_LightShadowCasterMode: 0
  m_AreaSize: {x: 1, y: 1}
  m_BounceIntensity: 1
  m_ColorTemperature: 6570
  m_UseColorTemperature: 0
  m_BoundingSphereOverride: {x: 0, y: 0, z: 0, w: 0}
  m_UseBoundingSphereOverride: 0
  m_ShadowRadius: 0
  m_ShadowAngle: 0
--- !u!4 &1557459910
Transform:
  m_ObjectHideFlags: 0
  m_CorrespondingSourceObject: {fileID: 0}
  m_PrefabInstance: {fileID: 0}
  m_PrefabAsset: {fileID: 0}
  m_GameObject: {fileID: 1557459908}
  m_LocalRotation: {x: 0, y: 0, z: 0, w: 1}
  m_LocalPosition: {x: -1.748, y: 0.534, z: 0.113}
  m_LocalScale: {x: 1, y: 1, z: 1}
  m_Children: []
  m_Father: {fileID: 0}
  m_RootOrder: 19
  m_LocalEulerAnglesHint: {x: 0, y: 0, z: 0}
--- !u!1001 &1677412822
PrefabInstance:
  m_ObjectHideFlags: 0
  serializedVersion: 2
  m_Modification:
    m_TransformParent: {fileID: 0}
    m_Modifications:
    - target: {fileID: 6246270192822895320, guid: 0acad01192d8302488a2344d47a93363,
        type: 3}
      propertyPath: m_Name
      value: floor_tile_02 (1)
      objectReference: {fileID: 0}
    - target: {fileID: 6246270192822895320, guid: 0acad01192d8302488a2344d47a93363,
        type: 3}
      propertyPath: m_IsActive
      value: 1
      objectReference: {fileID: 0}
    - target: {fileID: 6246270192822895327, guid: 0acad01192d8302488a2344d47a93363,
        type: 3}
      propertyPath: m_LocalPosition.x
      value: 2.003201
      objectReference: {fileID: 0}
    - target: {fileID: 6246270192822895327, guid: 0acad01192d8302488a2344d47a93363,
        type: 3}
      propertyPath: m_LocalPosition.y
      value: 0
      objectReference: {fileID: 0}
    - target: {fileID: 6246270192822895327, guid: 0acad01192d8302488a2344d47a93363,
        type: 3}
      propertyPath: m_LocalPosition.z
      value: -0.000000011814386
      objectReference: {fileID: 0}
    - target: {fileID: 6246270192822895327, guid: 0acad01192d8302488a2344d47a93363,
        type: 3}
      propertyPath: m_LocalRotation.x
      value: -0
      objectReference: {fileID: 0}
    - target: {fileID: 6246270192822895327, guid: 0acad01192d8302488a2344d47a93363,
        type: 3}
      propertyPath: m_LocalRotation.y
      value: 0.000018164514
      objectReference: {fileID: 0}
    - target: {fileID: 6246270192822895327, guid: 0acad01192d8302488a2344d47a93363,
        type: 3}
      propertyPath: m_LocalRotation.z
      value: -0
      objectReference: {fileID: 0}
    - target: {fileID: 6246270192822895327, guid: 0acad01192d8302488a2344d47a93363,
        type: 3}
      propertyPath: m_LocalRotation.w
      value: -1
      objectReference: {fileID: 0}
    - target: {fileID: 6246270192822895327, guid: 0acad01192d8302488a2344d47a93363,
        type: 3}
      propertyPath: m_RootOrder
      value: 13
      objectReference: {fileID: 0}
    - target: {fileID: 6246270192822895327, guid: 0acad01192d8302488a2344d47a93363,
        type: 3}
      propertyPath: m_LocalEulerAnglesHint.x
      value: 0
      objectReference: {fileID: 0}
    - target: {fileID: 6246270192822895327, guid: 0acad01192d8302488a2344d47a93363,
        type: 3}
      propertyPath: m_LocalEulerAnglesHint.y
      value: 359.998
      objectReference: {fileID: 0}
    - target: {fileID: 6246270192822895327, guid: 0acad01192d8302488a2344d47a93363,
        type: 3}
      propertyPath: m_LocalEulerAnglesHint.z
      value: 0
      objectReference: {fileID: 0}
    - target: {fileID: 4445631998286801129, guid: 0acad01192d8302488a2344d47a93363,
        type: 3}
      propertyPath: m_Materials.Array.data[0]
      value: 
      objectReference: {fileID: 2100000, guid: e8347044ce8c80e47bd693c76304fefd, type: 2}
    m_RemovedComponents: []
  m_SourcePrefab: {fileID: 100100000, guid: 0acad01192d8302488a2344d47a93363, type: 3}
--- !u!1001 &1738962622
PrefabInstance:
  m_ObjectHideFlags: 0
  serializedVersion: 2
  m_Modification:
    m_TransformParent: {fileID: 0}
    m_Modifications:
    - target: {fileID: 6246270192822895320, guid: 0acad01192d8302488a2344d47a93363,
        type: 3}
      propertyPath: m_Name
      value: floor_tile_02
      objectReference: {fileID: 0}
    - target: {fileID: 6246270192822895327, guid: 0acad01192d8302488a2344d47a93363,
        type: 3}
      propertyPath: m_LocalPosition.x
      value: 1
      objectReference: {fileID: 0}
    - target: {fileID: 6246270192822895327, guid: 0acad01192d8302488a2344d47a93363,
        type: 3}
      propertyPath: m_LocalPosition.y
      value: 0
      objectReference: {fileID: 0}
    - target: {fileID: 6246270192822895327, guid: 0acad01192d8302488a2344d47a93363,
        type: 3}
      propertyPath: m_LocalPosition.z
      value: 0
      objectReference: {fileID: 0}
    - target: {fileID: 6246270192822895327, guid: 0acad01192d8302488a2344d47a93363,
        type: 3}
      propertyPath: m_LocalRotation.x
      value: -0
      objectReference: {fileID: 0}
    - target: {fileID: 6246270192822895327, guid: 0acad01192d8302488a2344d47a93363,
        type: 3}
      propertyPath: m_LocalRotation.y
      value: 1
      objectReference: {fileID: 0}
    - target: {fileID: 6246270192822895327, guid: 0acad01192d8302488a2344d47a93363,
        type: 3}
      propertyPath: m_LocalRotation.z
      value: -0
      objectReference: {fileID: 0}
    - target: {fileID: 6246270192822895327, guid: 0acad01192d8302488a2344d47a93363,
        type: 3}
      propertyPath: m_LocalRotation.w
      value: 0.000015318392
      objectReference: {fileID: 0}
    - target: {fileID: 6246270192822895327, guid: 0acad01192d8302488a2344d47a93363,
        type: 3}
      propertyPath: m_RootOrder
      value: 10
      objectReference: {fileID: 0}
    - target: {fileID: 6246270192822895327, guid: 0acad01192d8302488a2344d47a93363,
        type: 3}
      propertyPath: m_LocalEulerAnglesHint.x
      value: 0
      objectReference: {fileID: 0}
    - target: {fileID: 6246270192822895327, guid: 0acad01192d8302488a2344d47a93363,
        type: 3}
      propertyPath: m_LocalEulerAnglesHint.y
      value: 179.998
      objectReference: {fileID: 0}
    - target: {fileID: 6246270192822895327, guid: 0acad01192d8302488a2344d47a93363,
        type: 3}
      propertyPath: m_LocalEulerAnglesHint.z
      value: 0
      objectReference: {fileID: 0}
    - target: {fileID: 4445631998286801129, guid: 0acad01192d8302488a2344d47a93363,
        type: 3}
      propertyPath: m_Materials.Array.data[0]
      value: 
      objectReference: {fileID: 2100000, guid: c5de5fc05b4d0384db9d5eddad3947a2, type: 2}
    m_RemovedComponents: []
  m_SourcePrefab: {fileID: 100100000, guid: 0acad01192d8302488a2344d47a93363, type: 3}
--- !u!1001 &1812731283
PrefabInstance:
  m_ObjectHideFlags: 0
  serializedVersion: 2
  m_Modification:
    m_TransformParent: {fileID: 0}
    m_Modifications:
    - target: {fileID: 7493439302454641453, guid: 1f9691e383d37f24ca5126cdcfc491cf,
        type: 3}
      propertyPath: m_Name
      value: support_wooden_01
      objectReference: {fileID: 0}
    - target: {fileID: 9114256648971809606, guid: 1f9691e383d37f24ca5126cdcfc491cf,
        type: 3}
      propertyPath: m_LocalPosition.x
      value: -1.75
      objectReference: {fileID: 0}
    - target: {fileID: 9114256648971809606, guid: 1f9691e383d37f24ca5126cdcfc491cf,
        type: 3}
      propertyPath: m_LocalPosition.y
      value: 0
      objectReference: {fileID: 0}
    - target: {fileID: 9114256648971809606, guid: 1f9691e383d37f24ca5126cdcfc491cf,
        type: 3}
      propertyPath: m_LocalPosition.z
      value: 0
      objectReference: {fileID: 0}
    - target: {fileID: 9114256648971809606, guid: 1f9691e383d37f24ca5126cdcfc491cf,
        type: 3}
      propertyPath: m_LocalRotation.x
      value: -0
      objectReference: {fileID: 0}
    - target: {fileID: 9114256648971809606, guid: 1f9691e383d37f24ca5126cdcfc491cf,
        type: 3}
      propertyPath: m_LocalRotation.y
      value: 1
      objectReference: {fileID: 0}
    - target: {fileID: 9114256648971809606, guid: 1f9691e383d37f24ca5126cdcfc491cf,
        type: 3}
      propertyPath: m_LocalRotation.z
      value: -0
      objectReference: {fileID: 0}
    - target: {fileID: 9114256648971809606, guid: 1f9691e383d37f24ca5126cdcfc491cf,
        type: 3}
      propertyPath: m_LocalRotation.w
      value: 0.000015318392
      objectReference: {fileID: 0}
    - target: {fileID: 9114256648971809606, guid: 1f9691e383d37f24ca5126cdcfc491cf,
        type: 3}
      propertyPath: m_RootOrder
      value: 6
      objectReference: {fileID: 0}
    - target: {fileID: 9114256648971809606, guid: 1f9691e383d37f24ca5126cdcfc491cf,
        type: 3}
      propertyPath: m_LocalEulerAnglesHint.x
      value: 0
      objectReference: {fileID: 0}
    - target: {fileID: 9114256648971809606, guid: 1f9691e383d37f24ca5126cdcfc491cf,
        type: 3}
      propertyPath: m_LocalEulerAnglesHint.y
      value: 179.998
      objectReference: {fileID: 0}
    - target: {fileID: 9114256648971809606, guid: 1f9691e383d37f24ca5126cdcfc491cf,
        type: 3}
      propertyPath: m_LocalEulerAnglesHint.z
      value: 0
      objectReference: {fileID: 0}
    m_RemovedComponents: []
  m_SourcePrefab: {fileID: 100100000, guid: 1f9691e383d37f24ca5126cdcfc491cf, type: 3}
--- !u!1001 &1974315622
PrefabInstance:
  m_ObjectHideFlags: 0
  serializedVersion: 2
  m_Modification:
    m_TransformParent: {fileID: 0}
    m_Modifications:
    - target: {fileID: 3425035300755643163, guid: 8884dc8048fa08d4ca072b16ee1b806a,
        type: 3}
      propertyPath: m_Name
      value: torch_01 (1)
      objectReference: {fileID: 0}
    - target: {fileID: 3425035300755643163, guid: 8884dc8048fa08d4ca072b16ee1b806a,
        type: 3}
      propertyPath: m_IsActive
      value: 1
      objectReference: {fileID: 0}
    - target: {fileID: 3425035300755643162, guid: 8884dc8048fa08d4ca072b16ee1b806a,
        type: 3}
      propertyPath: m_LocalPosition.x
      value: 2
      objectReference: {fileID: 0}
    - target: {fileID: 3425035300755643162, guid: 8884dc8048fa08d4ca072b16ee1b806a,
        type: 3}
      propertyPath: m_LocalPosition.y
      value: 0
      objectReference: {fileID: 0}
    - target: {fileID: 3425035300755643162, guid: 8884dc8048fa08d4ca072b16ee1b806a,
        type: 3}
      propertyPath: m_LocalPosition.z
      value: 0.25
      objectReference: {fileID: 0}
    - target: {fileID: 3425035300755643162, guid: 8884dc8048fa08d4ca072b16ee1b806a,
        type: 3}
      propertyPath: m_LocalRotation.x
      value: -0
      objectReference: {fileID: 0}
    - target: {fileID: 3425035300755643162, guid: 8884dc8048fa08d4ca072b16ee1b806a,
        type: 3}
      propertyPath: m_LocalRotation.y
      value: 1
      objectReference: {fileID: 0}
    - target: {fileID: 3425035300755643162, guid: 8884dc8048fa08d4ca072b16ee1b806a,
        type: 3}
      propertyPath: m_LocalRotation.z
      value: -0
      objectReference: {fileID: 0}
    - target: {fileID: 3425035300755643162, guid: 8884dc8048fa08d4ca072b16ee1b806a,
        type: 3}
      propertyPath: m_LocalRotation.w
      value: 0.000015318392
      objectReference: {fileID: 0}
    - target: {fileID: 3425035300755643162, guid: 8884dc8048fa08d4ca072b16ee1b806a,
        type: 3}
      propertyPath: m_RootOrder
      value: 21
      objectReference: {fileID: 0}
    - target: {fileID: 3425035300755643162, guid: 8884dc8048fa08d4ca072b16ee1b806a,
        type: 3}
      propertyPath: m_LocalEulerAnglesHint.x
      value: 0
      objectReference: {fileID: 0}
    - target: {fileID: 3425035300755643162, guid: 8884dc8048fa08d4ca072b16ee1b806a,
        type: 3}
      propertyPath: m_LocalEulerAnglesHint.y
      value: 179.998
      objectReference: {fileID: 0}
    - target: {fileID: 3425035300755643162, guid: 8884dc8048fa08d4ca072b16ee1b806a,
        type: 3}
      propertyPath: m_LocalEulerAnglesHint.z
      value: 0
      objectReference: {fileID: 0}
    m_RemovedComponents: []
  m_SourcePrefab: {fileID: 100100000, guid: 8884dc8048fa08d4ca072b16ee1b806a, type: 3}
--- !u!1001 &2028366747
PrefabInstance:
  m_ObjectHideFlags: 0
  serializedVersion: 2
  m_Modification:
    m_TransformParent: {fileID: 0}
    m_Modifications:
    - target: {fileID: 8653069173349848550, guid: 0a0d2844a285ab740b971bcc391f4f87,
        type: 3}
      propertyPath: m_Name
      value: floor_tile_01
      objectReference: {fileID: 0}
    - target: {fileID: 8653069173349848551, guid: 0a0d2844a285ab740b971bcc391f4f87,
        type: 3}
      propertyPath: m_LocalPosition.x
      value: 0
      objectReference: {fileID: 0}
    - target: {fileID: 8653069173349848551, guid: 0a0d2844a285ab740b971bcc391f4f87,
        type: 3}
      propertyPath: m_LocalPosition.y
      value: 0
      objectReference: {fileID: 0}
    - target: {fileID: 8653069173349848551, guid: 0a0d2844a285ab740b971bcc391f4f87,
        type: 3}
      propertyPath: m_LocalPosition.z
      value: 0
      objectReference: {fileID: 0}
    - target: {fileID: 8653069173349848551, guid: 0a0d2844a285ab740b971bcc391f4f87,
        type: 3}
      propertyPath: m_LocalRotation.x
      value: -0
      objectReference: {fileID: 0}
    - target: {fileID: 8653069173349848551, guid: 0a0d2844a285ab740b971bcc391f4f87,
        type: 3}
      propertyPath: m_LocalRotation.y
      value: 1
      objectReference: {fileID: 0}
    - target: {fileID: 8653069173349848551, guid: 0a0d2844a285ab740b971bcc391f4f87,
        type: 3}
      propertyPath: m_LocalRotation.z
      value: -0
      objectReference: {fileID: 0}
    - target: {fileID: 8653069173349848551, guid: 0a0d2844a285ab740b971bcc391f4f87,
        type: 3}
      propertyPath: m_LocalRotation.w
      value: 0.000015318392
      objectReference: {fileID: 0}
    - target: {fileID: 8653069173349848551, guid: 0a0d2844a285ab740b971bcc391f4f87,
        type: 3}
      propertyPath: m_RootOrder
      value: 11
      objectReference: {fileID: 0}
    - target: {fileID: 8653069173349848551, guid: 0a0d2844a285ab740b971bcc391f4f87,
        type: 3}
      propertyPath: m_LocalEulerAnglesHint.x
      value: 0
      objectReference: {fileID: 0}
    - target: {fileID: 8653069173349848551, guid: 0a0d2844a285ab740b971bcc391f4f87,
        type: 3}
      propertyPath: m_LocalEulerAnglesHint.y
      value: 179.998
      objectReference: {fileID: 0}
    - target: {fileID: 8653069173349848551, guid: 0a0d2844a285ab740b971bcc391f4f87,
        type: 3}
      propertyPath: m_LocalEulerAnglesHint.z
      value: 0
      objectReference: {fileID: 0}
    - target: {fileID: 1371587478892976489, guid: 0a0d2844a285ab740b971bcc391f4f87,
        type: 3}
      propertyPath: m_Materials.Array.data[0]
      value: 
      objectReference: {fileID: 2100000, guid: a8bcaac8ab6634b4588e924a05c1e2c1, type: 2}
    m_RemovedComponents: []
  m_SourcePrefab: {fileID: 100100000, guid: 0a0d2844a285ab740b971bcc391f4f87, type: 3}
